@article{bettini2022vmas,
  title = {VMAS: A Vectorized Multi-Agent Simulator for Collective Robot Learning},
  author = {Bettini, Matteo and Kortvelesy, Ryan and Blumenkamp, Jan and Prorok, Amanda},
  year = {2022},
  journal={The 16th International Symposium on Distributed Autonomous Robotic Systems},
  publisher={Springer}
}

@ARTICLE{4445757,
  author={Busoniu, Lucian and Babuska, Robert and De Schutter, Bart},
  journal={IEEE Transactions on Systems, Man, and Cybernetics, Part C (Applications and Reviews)}, 
  title={A Comprehensive Survey of Multiagent Reinforcement Learning}, 
  year={2008},
  volume={38},
  number={2},
  pages={156-172},
  doi={10.1109/TSMCC.2007.913919}}

@article{DBLP:journals/corr/MnihKSGAWR13,
  author       = {Volodymyr Mnih and
                  Koray Kavukcuoglu and
                  David Silver and
                  Alex Graves and
                  Ioannis Antonoglou and
                  Daan Wierstra and
                  Martin A. Riedmiller},
  title        = {Playing Atari with Deep Reinforcement Learning},
  journal      = {CoRR},
  volume       = {abs/1312.5602},
  year         = {2013},
  url          = {http://arxiv.org/abs/1312.5602},
  eprinttype    = {arXiv},
  eprint       = {1312.5602},
  timestamp    = {Mon, 13 Aug 2018 16:47:42 +0200},
  biburl       = {https://dblp.org/rec/journals/corr/MnihKSGAWR13.bib},
  bibsource    = {dblp computer science bibliography, https://dblp.org}
}